@inbook{N.TAKAHASHI1,
    author = {N.TAKAHASHI and H.YAMAMOTO and T.AKIBA},
    title = {Algorithm for Obtaining Optimal Path in Three-objective Network with a Reduction of Search Spac},
    series = {Innovation and Supply Chain Management},
    volume = {9},
    year = {2015},
    pages = {103-109},
    publisher = {Japan Management Training Center},
}
@inbook{Dijkstera,
    author = {Dijkstera E W},
    title = {A note on two problems in connection with graphs},
    series = {Numerische Mathematik},
    volume = {1},
    year = {1959},
    pages = {269-271},
    publisher = {Springer},
}
@inbook{Bellman,
    author = {Bellman R},
    title = {On a Routing Problem},
    series = {QuarterlyofApplied Mathematics},
    volume = {16},
    year = {1958},
    pages = {87-90},
    publisher = {American Mathematical Society},
}
@inbook{Floyd,
    author = {R. W. Floyd},
    title = {Algorithm 97: Shortest Path},
    series = {Communications of the ACM},
    volume = {5},
    year = {1962},
    pages = {345},
    publisher = {Association for Computing Machinery},
}
@inbook{Santos,
    author = {José Luis E. Dos Santos and José Paixão},
    title = {Labeling Methods for the General Case of the Multi-objective Shortest Path Problem – A Computational Study},
    series = {PCMAT Metadata Authoring Tool},
    year = {2013},
    pages = {489-502},
    publisher = {Springer},
}
@inbook{Breugem,
    author = {Thomas Breugem and Twan Dollevoet and Wilco van den Heuvel},
    title = {Analysis of FPTASes for the multi-objective shortest path problem},
    series = {Computers & Operations Research},
    volume = {78},
    year = {2017},
    pages = {44-58},
    publisher = {Elsevier B.V.},
}


@inproceedings{Ballester,
    author = {C. Ballester},
    title = {NP-completeness in Hedonic Games},
    booktitle = {Games and Economic Behavior 49},
    year = {2004},
    pages = {1-30},
}
@Mastersthesis{Iwasaki2,
    author = {岩崎光},
    title ={加法的ヘドニック集団形成ゲームにおける
    Contractual Individual 安定集団構造の構成問題について},
    type = {卒業論文},
    school = {青山学院},
    year = {2016},
}
